@book{Ida:2010,
  editor = "井田昌之 and 元吉文男 and 大久保清貴",
  title = "Common Lispオブジェクトシステム―CLOSとその周辺―",
  publisher = "共立出版",
  year = "2010",
}

@incollection{DeMichiel:1987:CLO:646147.679028,
year={1987},
isbn={978-3-540-18353-2},
booktitle={ECOOP’ 87 European Conference on Object-Oriented Programming},
volume={276},
series={Lecture Notes in Computer Science},
editor={Bezivin, Jean and Hullot, Jean-Marie and Cointe, Pierre and Lieberman, 
Henry},
doi={10.1007/3-540-47891-4\_15},
title={The Common Lisp Object System: An Overview},
url={http://dx.doi.org/10.1007/3-540-47891-4_15},
publisher={Springer Berlin Heidelberg},
author={DeMichiel, LindaG. and Gabriel, RichardP.},
pages={151-170},
language={English}
}

@inproceedings{Barrett:1996:MSL:236337.236343,
 author = {Barrett, Kim and Cassels, Bob and Haahr, Paul and Moon, David A. and 
 Playford, Keith and Withington, P. Tucker},
 title = {A Monotonic Superclass Linearization for Dylan},
 booktitle = {Proceedings of the 11th ACM SIGPLAN Conference on Object-oriented 
 Programming, Systems, Languages, and Applications},
 series = {OOPSLA '96},
 year = {1996},
 isbn = {0-89791-788-X},
 location = {San Jose, California, USA},
 pages = {69--82},
 numpages = {14},
 url = {http://doi.acm.org/10.1145/236337.236343},
 doi = {10.1145/236337.236343},
 acmid = {236343},
 publisher = {ACM},
 address = {New York, NY, USA},
}

@article{Onodera:1997,
author="小野寺民也",
title="オブジェクト指向言語におけるメッセージ送信の高速化技法",
journal="情報処理",
ISSN="04478053",
publisher="一般社団法人情報処理学会",
year="1997",
month="apr",
volume="38",
number="4",
pages="301-310",
URL="http://ci.nii.ac.jp/naid/110002769654/",
DOI="",
}