@inproceedings{GluonJ,
	author = {Chiba, Shigeru and Igarashi, Atsushi and Zakirov, Salikh},
	title = {Mostly Modular Compilation of Crosscutting Concerns by Contextual Predicate Dispatch},
	booktitle = {Proceedings of the ACM International Conference on Object Oriented Programming Systems Languages and Applications},
	series = {OOPSLA '10},
	year = {2010},
	isbn = {978-1-4503-0203-6},
	location = {Reno/Tahoe, Nevada, USA},
	pages = {539--554},
	numpages = {16},
	url = {http://doi.acm.org/10.1145/1869459.1869503},
	doi = {10.1145/1869459.1869503},
	acmid = {1869503},
	publisher = {ACM},
	address = {New York, NY, USA},
	keywords = {AspectJ, aspect oriented programming, java},
}

@misc{ExtentionMethods,
	author = {Microsoft},
	title = {拡張メソッド（{C}\#プログラミングガイド）},
	howpublished = {\url{http://msdn.microsoft.com/ja-jp/library/bb383977.aspx}},
	year = {2015},
}

@book{Scala,
	author = {Martin Odersky and Lex Spoon and Bill Venners（著） and 長尾高弘（翻訳）
	and 羽生田栄一（監修） and 水島宏太（特別寄稿）},
	title = {Scalaスケーラブルプログラミング第2版},
	publisher = {インプレスジャパン},
	year = {2011},
}

@inproceedings{TypeClasses,
	author = {Wadler, P. and Blott, S.},
	title = {How to Make Ad-hoc Polymorphism Less Ad Hoc},
	booktitle = {Proceedings of the 16th ACM SIGPLAN-SIGACT Symposium on 
	Principles of Programming Languages},
	series = {POPL '89},
	year = {1989},
	isbn = {0-89791-294-2},
	location = {Austin, Texas, USA},
	pages = {60--76},
	numpages = {17},
	url = {http://doi.acm.org/10.1145/75277.75283},
	doi = {10.1145/75277.75283},
	acmid = {75283},
	publisher = {ACM},
	address = {New York, NY, USA},
}

@misc{OCaml,
	author = {Xavier Leroy and Damien Doligez and Alain Frisch and Jacques Garrigue
	and Didier R\'emy and J\'er\^ome Vouillon},
	title = {The {OCaml} system release 4.02 Documentation and user’s manual},
	howpublished = {\url{http://caml.inria.fr/pub/docs/manual-ocaml/index.html}},
	year = {2014},
}

@incollection{Traits,
	year={2003},
	isbn={978-3-540-40531-3},
	booktitle={ECOOP 2003 – Object-Oriented Programming},
	volume={2743},
	series={Lecture Notes in Computer Science},
	editor={Cardelli, Luca},
	doi={10.1007/978-3-540-45070-2_12},
	title={Traits: Composable Units of Behaviour},
	url={http://dx.doi.org/10.1007/978-3-540-45070-2_12},
	publisher={Springer Berlin Heidelberg},
	keywords={Inheritance; mixins; multiple inheritance; traits; reuse; Smalltalk},
	author={Schärli, Nathanael and Ducasse, Stéphane and Nierstrasz, Oscar and Black, AndrewP.},
	pages={248-274},
	language={English}
}

@book{CLOS,
	editor = {井田昌之 and 元吉文男 and 大久保清貴},
	title = {bit別冊Common Lispオブジェクトシステム―CLOSとその周辺―},
	publisher = {共立出版},
	year = {1989},
}

@book{CLtL2,
	author = {Guy L. {Steele Jr.}（著） and 井田昌之（翻訳監修）},
	title = {COMMON LISP第2版},
	publisher = {共立出版},
	year = {1989},
}

@incollection{Classboxes,
	year={2003},
	isbn={978-3-540-40796-6},
	booktitle={Modular Programming Languages},
	volume={2789},
	series={Lecture Notes in Computer Science},
	editor={Böszörményi, László and Schojer, Peter},
	doi={10.1007/978-3-540-45213-3_17},
	title={Classboxes: A Minimal Module Model Supporting Local Rebinding},
	url={http://dx.doi.org/10.1007/978-3-540-45213-3_17},
	publisher={Springer Berlin Heidelberg},
	keywords={language design; method lookup; modules; smalltalk; class extension; selector namespace},
	author={Bergel, Alexandre and Ducasse, Stéphane and Wuyts, Roel},
	pages={122-131},
	language={English}
}

@misc{Refinements,
	author = {Shugo Maeda and Benoit Daloze and Hiroshi Shibata and Eric Hodel},
	title = {Refinements},
	howpublished = {\url{https://github.com/ruby/ruby/blob/trunk/doc/syntax/refinements.rdoc}},
	year = {2014},
}

@article{MethodShells,
	author="竹下若菜 and 千葉滋",
	title="破壊的クラス拡張で生じるメソッド衝突を回避可能なモジュール機構{Method Shells}とその実装方法",
	journal="情報処理学会論文誌. プログラミング",
	ISSN="03875806",
	publisher="一般社団法人情報処理学会",
	year="2014",
	month="Jul",
	volume="7",
	number="3",
	pages="12-21",
	URL="http://ci.nii.ac.jp/naid/110009806546/",
	DOI="",
}

@incollection{MixJuice,
	year={2002},
	isbn={978-3-540-43759-8},
	booktitle={ECOOP 2002 - Object-Oriented Programming},
	volume={2374},
	series={Lecture Notes in Computer Science},
	editor={Magnusson, Boris},
	doi={10.1007/3-540-47993-7_3},
	title={Difference-Based Modules: A Class-Independent Module Mechanism},
	url={http://dx.doi.org/10.1007/3-540-47993-7_3},
	publisher={Springer Berlin Heidelberg},
	author={Ichisugi, Yuuji and Tanaka, Akira},
	pages={62-88},
	language={English}
}

@misc{ECMAScript,
	author = {Ecma International},
	title = {{ECMAScript Language Specification - ECMA-262 Edition 5.1}},
	howpublished = {\url{http://www.ecma-international.org/ecma-262/5.1/}},
	year = {2011},
}

@article{ContextJ,
	author="Appeltauer, Malte and Hirschfeld, Robert and Haupt, Michael and Masuhara, Hidehiko",
	title="{ContextJ}: Context-oriented Programming with {Java}",
	journal="Information and Media Technologies",
	ISSN="1881-0896",
	publisher="Information and Media Technologies 編集運営会議",
	year="2011",
	month="",
	volume="6",
	number="2",
	pages="399-419",
	URL="http://ci.nii.ac.jp/naid/130000770579/",
	DOI="10.11185/imt.6.399",
}

@inproceedings{C3Linearization,
	author = {Barrett, Kim and Cassels, Bob and Haahr, Paul and Moon, David A. and 
	Playford, Keith and Withington, P. Tucker},
	title = {A Monotonic Superclass Linearization for {Dylan}},
	booktitle = {Proceedings of the 11th ACM SIGPLAN Conference on Object-oriented 
	Programming, Systems, Languages, and Applications},
	series = {OOPSLA '96},
	year = {1996},
	isbn = {0-89791-788-X},
	location = {San Jose, California, USA},
	pages = {69--82},
	numpages = {14},
	url = {http://doi.acm.org/10.1145/236337.236343},
	doi = {10.1145/236337.236343},
	acmid = {236343},
	publisher = {ACM},
	address = {New York, NY, USA},
}

@article{OptimizingMessageSends,
	author="小野寺民也",
	yomi="Onodera, Tamiya",
	title="オブジェクト指向言語におけるメッセージ送信の高速化技法",
	journal="情報処理",
	ISSN="04478053",
	publisher="一般社団法人情報処理学会",
	year="1997",
	month="apr",
	volume="38",
	number="4",
	pages="301-310",
	URL="http://ci.nii.ac.jp/naid/110002769654/",
	DOI="",
}
